<record><leader>00000cas a2200000 a 4500</leader><controlfield tag="001">707936047</controlfield><controlfield tag="006">m     o  d        </controlfield><controlfield tag="007">cr |||||||||||</controlfield><controlfield tag="008">110321d188919uuaruwr n o     0    0eng c</controlfield><datafield ind1=" " ind2=" " tag="010"><subfield code="a">  2011254032</subfield></datafield><datafield ind1=" " ind2=" " tag="040"><subfield code="a">AANWS</subfield><subfield code="b">eng</subfield><subfield code="c">AANWS</subfield><subfield code="d">CUS</subfield><subfield code="d">OCLCQ</subfield><subfield code="d">OCLCF</subfield><subfield code="d">OCLCA</subfield><subfield code="d">OCLCO</subfield><subfield code="d">OCLCQ</subfield></datafield><datafield ind1=" " ind2=" " tag="042"><subfield code="a">pcc</subfield></datafield><datafield ind1=" " ind2=" " tag="043"><subfield code="a">n-us-ar</subfield></datafield><datafield ind1="1" ind2="4" tag="050"><subfield code="a">AN</subfield></datafield><datafield ind1="0" ind2=" " tag="130"><subfield code="a">American guide (Little Rock, Ark.)</subfield></datafield><datafield ind1="1" ind2="4" tag="245"><subfield code="a">The American guide.</subfield></datafield><datafield ind1=" " ind2=" " tag="260"><subfield code="3">1889- :</subfield><subfield code="a">Little Rock, Ark. :</subfield><subfield code="b">J.E. Bush</subfield></datafield><datafield ind1="3" ind2=" " tag="260"><subfield code="3">&lt;Jan. 27, 1900-&gt; :</subfield><subfield code="a">Little Rock, Ark. :</subfield><subfield code="b">American Guide Pub. Co.</subfield></datafield><datafield ind1=" " ind2=" " tag="310"><subfield code="a">Weekly</subfield></datafield><datafield ind1=" " ind2=" " tag="336"><subfield code="a">text</subfield><subfield code="b">txt</subfield><subfield code="2">rdacontent</subfield></datafield><datafield ind1=" " ind2=" " tag="337"><subfield code="a">computer</subfield><subfield code="b">c</subfield><subfield code="2">rdamedia</subfield></datafield><datafield ind1=" " ind2=" " tag="338"><subfield code="a">online resource</subfield><subfield code="b">cr</subfield><subfield code="2">rdacarrier</subfield></datafield><datafield ind1="1" ind2=" " tag="362"><subfield code="a">Began in 1889.</subfield></datafield><datafield ind1=" " ind2=" " tag="588"><subfield code="a">Description based on: New series, v. XI, no. 20 (Jan. 27, 1900); title from PDF masthead (Readex America's Historical Newspapers Web site, viewed Mar. 21, 2011).</subfield></datafield><datafield ind1=" " ind2=" " tag="588"><subfield code="a">Latest issue consulted: New series, v. XI, no. 20 (Jan. 27, 1900) (viewed Mar. 21, 2011).</subfield></datafield><datafield ind1=" " ind2="0" tag="650"><subfield code="a">African American newspapers</subfield><subfield code="z">Arkansas.</subfield></datafield><datafield ind1=" " ind2="0" tag="650"><subfield code="a">African Americans</subfield><subfield code="z">Arkansas</subfield><subfield code="z">Little Rock</subfield><subfield code="v">Newspapers.</subfield></datafield><datafield ind1=" " ind2="0" tag="651"><subfield code="a">Little Rock (Ark.)</subfield><subfield code="v">Newspapers.</subfield></datafield><datafield ind1=" " ind2="0" tag="651"><subfield code="a">Pulaski County (Ark.)</subfield><subfield code="v">Newspapers.</subfield></datafield><datafield ind1=" " ind2="7" tag="650"><subfield code="a">African American newspapers.</subfield><subfield code="2">fast</subfield><subfield code="0">(OCoLC)fst00799278</subfield></datafield><datafield ind1=" " ind2="7" tag="650"><subfield code="a">African Americans.</subfield><subfield code="2">fast</subfield><subfield code="0">(OCoLC)fst00799558</subfield></datafield><datafield ind1=" " ind2="7" tag="651"><subfield code="a">Arkansas.</subfield><subfield code="2">fast</subfield><subfield code="0">(OCoLC)fst01204809</subfield></datafield><datafield ind1=" " ind2="7" tag="651"><subfield code="a">Arkansas</subfield><subfield code="z">Little Rock.</subfield><subfield code="2">fast</subfield><subfield code="0">(OCoLC)fst01206922</subfield></datafield><datafield ind1=" " ind2="7" tag="651"><subfield code="a">Arkansas</subfield><subfield code="z">Pulaski County.</subfield><subfield code="2">fast</subfield><subfield code="0">(OCoLC)fst01208517</subfield></datafield><datafield ind1=" " ind2="7" tag="655"><subfield code="a">Newspapers.</subfield><subfield code="2">fast</subfield><subfield code="0">(OCoLC)fst01423814</subfield></datafield><datafield ind1=" " ind2=" " tag="752"><subfield code="a">United States</subfield><subfield code="b">Arkansas</subfield><subfield code="c">Pulaski</subfield><subfield code="d">Little Rock.</subfield></datafield><datafield ind1="0" ind2="8" tag="776"><subfield code="i">Microfilm version:</subfield><subfield code="t">American guide</subfield><subfield code="w">(OCoLC)20879209</subfield></datafield><datafield ind1="0" ind2="8" tag="776"><subfield code="i">Print version:</subfield><subfield code="t">American guide (Little Rock, Ark.)</subfield><subfield code="w">(DLC)sn 83025496</subfield><subfield code="w">(OCoLC)9529432</subfield></datafield><datafield ind1="4" ind2="0" tag="856"><subfield code="u">http://infoweb.newsbank.com/?db=EANX&amp;s_browseRef=decades/12B7CA4B4DCD0CF0/all.xml</subfield></datafield></record>